@misc{Hassan2011,
    author    = "Hassan, Qusay",
    title     = "Demystifying Cloud Computing",
    howpublished = "\href{http://www.crosstalkonline.org/storage/issue-archives/2011/201101/201101-Hassan.pdf}{The Journal of Defense Software Engineering. CrossTalk.}",
    year     = "2011",
    month    = "Jan/Feb",
    note     = "Retrieved 11 December 2014",
}
@techreport{Mell:2011:SND:2206223,
 author = {Mell, Peter M. and Grance, Timothy},
 title = {SP 800-145. The NIST Definition of Cloud Computing},
 year = {2011},
 publisher = {National Institute of Standards \& Technology},
 address = {Gaithersburg, MD, United States},
}
@Article{Pfister2000,
author="Pfister, M.
and Behnke, S.
and Rojas, R.",
title="Recognition of Handwritten ZIP Codes in a Real---World Non-Standard-Letter Sorting System",
journal="Applied Intelligence",
year="2000",
volume="12",
number="1",
pages="95--115",
abstract="In this article, we describe the OCR and image processing algorithms used to read destination addresses from non-standard letters (flats) by Siemens postal automation system currently in use by the Deutsche Post AG1.",
issn="1573-7497",
doi="10.1023/A:1008316121543",
url="http://dx.doi.org/10.1023/A:1008316121543"
} 
